@inproceedings{hotos17,
	title = {No!: {Not} {Another} {Deep} {Learning} {Framework}},
	author = {Nguyen, Linh and Yu, Peifeng and Chowdhury, Mosharaf},
	booktitle = {Proceedings of the 16th {Workshop} on {Hot} {Topics} in {Operating} {Systems}},
	year = {2017},
	pages = {88--93},
}

@inproceedings{nsdi19,
    title = {Salus: {Fine-Grained GPU Sharing Primitives for Deep Learning Applications}},
    author = {Yu, Peifeng and Wang, Yuchen and Chowdhury, Mosharaf},
    booktitle = {{Proceedings of the 16th USENIX Symposium on Networked Systems Design and Implementation}},
    year = {2019},
}

@misc{sysml18,
    title={{Salus: Fine-Grained GPU Sharing Among CNN Applications}},
    author={Yu, Peifeng and Chowdhury, Mosharaf},
    year = {2018},
    howpublished = {{Poster presented at: SysML \url{https://www.sysml.cc/doc/83.pdf}}},
}
