@inproceedings{hotos17,
	title = {No!: {Not} {Another} {Deep} {Learning} {Framework}},
	author = {Nguyen, Linh and Yu, Peifeng and Chowdhury, Mosharaf},
	booktitle = {Proceedings of the 16th {Workshop} on {Hot} {Topics} in {Operating} {Systems}},
	year = {2017},
	pages = {88--93},
}
@inproceedings{eurosys18,
    title = {Salus: {Fine}-{Grained} {GPU} {Sharing} {Between} {CNN} {Applications}},
    author = {Yu, Peifeng and Chowdhury, Mosharaf},
    booktitle = {Proceedings of the 13th {ACM} {European} {Conference} on {Computer} {Systems}},
    year = {2018},
}
